@article{marsden2013eigenvalues,
  title={Eigenvalues of the laplacian and their relationship to the connectedness of a graph},
  author={Marsden, Anne},
  journal={University of Chicago, REU},
  year={2013}
}