@book{boyd1994linear,
  title={Linear matrix inequalities in system and control theory},
  author={Boyd, Stephen and El Ghaoui, Laurent and Feron, Eric and Balakrishnan, Venkataramanan},
  volume={15},
  year={1994},
  publisher={Siam}
}

